<?xml version="1.0" encoding="UTF-8"?><collection xmlns="http://www.loc.gov/MARC21/slim"><record><leader>00596nam--2200181-u-4500</leader><controlfield tag="001">000054738</controlfield><controlfield tag="002">20161230</controlfield><controlfield tag="005">20161230201051</controlfield><controlfield tag="008">120528s1000------------r-----000-0-rus-d</controlfield><datafield ind1=" " ind2=" " tag="040"><subfield code="a">IFIN-HH</subfield></datafield><datafield ind1=" " ind2=" " tag="041"><subfield code="a">rus</subfield></datafield><datafield ind1=" " ind2=" " tag="080"><subfield code="a">539.125.5.164(061.3)</subfield></datafield><datafield ind1="1" ind2=" " tag="100"><subfield code="a">Pacheva, Y</subfield></datafield><datafield ind1="1" ind2="0" tag="245"><subfield code="a">The xi national conference on atomic spectroscopy with international participants, september 24-27, 1986, varna-drujba, bulgaria</subfield><subfield code="b">Contributed papers</subfield><subfield code="c">Y. pacheva (chairman)</subfield></datafield><datafield ind1=" " ind2=" " tag="260"><subfield code="a">Sofia</subfield><subfield code="b">Bulgarian Academy Of Sciences</subfield><subfield code="c">1986</subfield></datafield><datafield ind1=" " ind2=" " tag="300"><subfield code="a">409P</subfield></datafield><datafield ind1=" " ind2=" " tag="852"><subfield code="a">74069</subfield><subfield code="c">539.163.2</subfield></datafield><datafield ind1=" " ind2=" " tag="CAT"><subfield code="a">Sys</subfield><subfield code="c">20120528</subfield><subfield code="h">125932</subfield></datafield></record></collection>